@misc{RNNTextGeneration,
    author    = "Ilya Sutskever, James Martens, Geoffrey Hinton",
    title     = "Generating Text with Recurrent Neural Networks",
    note = "\url{http://machinelearning.wustl.edu/mlpapers/paper_files/ICML2011Sutskever_524.pdf}"
}
@misc{AutomatedAbstractGeneration,
    author    = "H. P. Luhn",
    title     = "The Automatic Creation of Literature Abstracts",
	note = "\url{http://courses.ischool.berkeley.edu/i256/f06/papers/luhn58.pdf}"
}
@misc{LexicalChain,
    author    = "Regina Barzilay, Michael Elhadad",
    title     = "Using Lexical Chains for Text Summarization",
    note = "\url{http://scholar.google.co.uk/scholar_url?url=http\%3A\%2F\%2Facademiccommons.columbia.edu\%2Fdownload\%2Ffedora_content\%2Fdownload\%2Fac\%3A160051\%2FCONTENT\%2Fbarzilay_elhadad_97.pdf&hl=en&sa=X&scisig=AAGBfm1-hlclQyAND4sOoh9b_i8tRHRf4A&nossl=1&oi=scholarr&ei=cqieVeqaCcaS7AaX_aSoBw&ved=0CB8QgAMoADAA}"
}
@misc{SCIGen,
    author    = "Jeremy Stribling, Max Krohn, Dan Aguayo",
    title     = "SCIGen",
    note = "\url{https://pdos.csail.mit.edu/archive/scigen/}"
}
@misc{OpinionMiningSurvey,
    author    = "Bo Pang, Lillian Lee",
    title     = "Opinion Mining and Sentiment Analysis",
    note = "\url{http://www.cs.cornell.edu/home/llee/omsa/omsa.pdf}"
}
@misc{TextRank,
    author    = "Rada Mihalcea, Paul Tarau",
    title     = "TextRank: Bringing Order into Texts",
    note = "\url{https://web.eecs.umich.edu/~mihalcea/papers/mihalcea.emnlp04.pdf}"
}
@misc{Horse_Ebooks,
    author    = "Horse Ebooks",
    note = "\url{https://twitter.com/horse_ebooks}"
}
@misc{MarkovTextGenerator,
    author    = "Yisong Yue",
    title     = "Mark V Shaney",
    note = "\url{http://www.yisongyue.com/shaney/}"
}
@misc{movieDB,
    note = "\url{https://www.themoviedb.org/}"
}
@misc{NLTK,
    title     = "Natural Language Tool-kit",
    note = "\url{http://www.nltk.org}"
}
@misc{Twython,
    title     = "Twython",
    note = "\url{https://twython.readthedocs.io/en/latest/}"
}